<?xml version="1.0" encoding="UTF-8"?><record xmlns="http://www.loc.gov/MARC21/slim" xmlns:cinclude="http://apache.org/cocoon/include/1.0" xmlns:zs="http://www.loc.gov/zing/srw/">
  <leader>00799nz  a2200181n  4500</leader>
  <controlfield tag="001">n  89275425 </controlfield>
  <controlfield tag="003">DLC</controlfield>
  <controlfield tag="005">19961005054145.9</controlfield>
  <controlfield tag="008">960813n| acannaab|          |a aaa      </controlfield>
  <datafield tag="010" ind1=" " ind2=" ">
    <subfield code="a">n  89275425 </subfield>
  </datafield>
  <datafield tag="040" ind1=" " ind2=" ">
    <subfield code="a">DLC</subfield>
    <subfield code="c">DLC</subfield>
  </datafield>
  <datafield tag="100" ind1="1" ind2="0">
    <subfield code="a">Mathur, Agam Prasad,</subfield>
    <subfield code="d">1930-</subfield>
  </datafield>
  <datafield tag="400" ind1="0" ind2="0">
    <subfield code="a">Agam Prasad Mathur,</subfield>
    <subfield code="d">1930-</subfield>
  </datafield>
  <datafield tag="400" ind1="0" ind2="0">
    <subfield code="a">Dadaji Maharaj,</subfield>
    <subfield code="d">1930-</subfield>
  </datafield>
  <datafield tag="400" ind1="1" ind2="0">
    <subfield code="a">Māthura, Āgama Prasāda,</subfield>
    <subfield code="d">1930-</subfield>
  </datafield>
  <datafield tag="400" ind1="0" ind2="0">
    <subfield code="a">Āgama Prasāda Māthura,</subfield>
    <subfield code="d">1930-</subfield>
  </datafield>
  <datafield tag="670" ind1=" " ind2=" ">
    <subfield code="a">Prof. Agam Prasad Mathur, Dadaji Maharaj, felicitation volume, 1995- :</subfield>
    <subfield code="b">v. 3, prelim. p. iii (Pro. Āgama Prasāda Māthura, Dādājī Mahārāja) introd. (Dadaji Maharaj (Dr. Agam Prasad Mathur), who is at present the Guru and the Head of Radhasoami Satsang)</subfield>
  </datafield>
  <datafield tag="670" ind1=" " ind2=" ">
    <subfield code="a">New Delhi MARC file, 8/5/96</subfield>
    <subfield code="b">(hdg.: Mathur, Agam Prasad, 1930- )</subfield>
  </datafield>
</record>